<record><leader>00000cas a2200000Ma 4500</leader><controlfield tag="001">10959006</controlfield><controlfield tag="008">840717d18751941aluwr ne      0    0eng d</controlfield><controlfield tag="009">330</controlfield><datafield ind1=" " ind2=" " tag="010"><subfield code="a">sn 84023581 </subfield></datafield><datafield ind1=" " ind2=" " tag="040"><subfield code="a">AQM</subfield><subfield code="b">eng</subfield><subfield code="c">AQM</subfield></datafield><datafield ind1="0" ind2=" " tag="130"><subfield code="a">Russell register (Seale, Ala.)</subfield></datafield><datafield ind1="0" ind2="0" tag="245"><subfield code="a">Russell register.</subfield></datafield><datafield ind1=" " ind2=" " tag="260"><subfield code="a">Seale, Ala. :</subfield><subfield code="b">Glenn &amp; Hammons,</subfield><subfield code="c">1875-1941.</subfield></datafield><datafield ind1=" " ind2=" " tag="300"><subfield code="a">v.</subfield></datafield><datafield ind1=" " ind2=" " tag="310"><subfield code="a">Weekly</subfield></datafield><datafield ind1="0" ind2=" " tag="362"><subfield code="a">Vol. 1, no. 1 (Aug. 5, 1875)-v. 66, no. 2 (Sept. 5, 1941).</subfield></datafield><datafield ind1=" " ind2=" " tag="515"><subfield code="a">Numbering is irregular.</subfield></datafield><datafield ind1=" " ind2="7" tag="655"><subfield code="a">Newspapers.</subfield><subfield code="2">rbgenr</subfield></datafield><datafield ind1=" " ind2=" " tag="752"><subfield code="a">United States</subfield><subfield code="b">Alabama</subfield><subfield code="c">Russell</subfield><subfield code="d">Seale.</subfield></datafield><datafield ind1="0" ind2="7" tag="785"><subfield code="t">Hurtsboro press</subfield><subfield code="w">(DLC)sn 87050302</subfield></datafield><datafield ind1="0" ind2="7" tag="785"><subfield code="t">Russell register and press</subfield><subfield code="w">(DLC)sn 87050303</subfield></datafield></record>